% gradual typing

@techreport{
	grad1,
	author="Jukka Lehtosalo and David J. Greaves",
	title="Genericty, Nominal Inheritance and Gradual Typin",
	institution="University of Cambridge Computer Laboratory"
}

@article{grad2,
  title={Space-efficient gradual typing},
  author={Herman, D. and Tomb, A. and Flanagan, C.},
  journal={Higher-Order and Symbolic Computation},
  pages={1--23},
  year={2011},
  publisher={Springer}
}

@inproceedings{grad3,
  title={Gradual typing for functional languages},
  author={Siek, J.G. and Taha, W.},
  booktitle={Scheme and Functional Programming Workshop},
  pages={81--92},
  year={2006}
}

@article{grad4,
  title={Gradual typing for objects},
  author={Siek, J. and Taha, W.},
  journal={ECOOP 2007--Object-Oriented Programming},
  pages={2--27},
  year={2007},
  publisher={Springer}
}

@techreport{grad5,
  title={Gradual featherweight typestate},
  author={Wolff, R. and Garcia, R. and TanterX, E. and Aldrich, J.},
  year={2010},
  institution={CMU-ISR-10-116R}
}

% Soft typing

@phdthesis{soft1,
  title={Practical soft typing},
  author={Wright, A.K.},
  year={1994},
  school={Citeseer}
}

@inproceedings{soft3,
  title={A practical soft type system for Scheme},
  author={Wright, A.K. and Cartwright, R.},
  booktitle={ACM SIGPLAN Lisp Pointers},
  volume={7},
  number={3},
  pages={250--262},
  year={1994},
  organization={ACM}
}

@phdthesis{saft4,
  title={Soft typing: an approach to type checking for dynamically typed languages},
  author={Fagan, M.},
  year={1992},
  school={Citeseer}
}

% Hingley milner

@article{hm1,
  title={A theory of type polymorphism in programming},
  author={Milner, R.},
  journal={Journal of computer and system sciences},
  volume={17},
  number={3},
  pages={348--375},
  year={1978},
  publisher={Elsevier}
}

@inproceedings{hm2,
  title={Principal type-schemes for functional programs},
  author={Damas, L. and Milner, R.},
  booktitle={Proceedings of the 9th ACM SIGPLAN-SIGACT symposium on Principles of programming languages},
  pages={207--212},
  year={1982},
  organization={ACM}
}

% Dependent typing

@article{dep,
  title={Dynamic typing with dependent types},
  author={Ou, X. and Tan, G. and Mandelbaum, Y. and Walker, D.},
  journal={Exploring New Frontiers of Theoretical Informatics},
  pages={437--450},
  year={2004},
  publisher={Springer}
}

% Misc

@article{typedlambda,
  title={Typed lambda calculus},
  author={Barendregt, H.P. and Dekkers, W. and Statman, R.},
  journal={Handbook of Mathematical logic},
  pages={1091--1132},
  year={1977},
  publisher={Citeseer}
}

@article{exception,
  title={Exception handling: issues and a proposed notation},
  author={Goodenough, J.B.},
  journal={Communications of the ACM},
  volume={18},
  number={12},
  pages={683--696},
  year={1975},
  publisher={ACM}
}

@article{poly_rec,
  title={Type inference with polymorphic recursion},
  author={Henglein, F.},
  journal={ACM Transactions on Programming Languages and Systems (TOPLAS)},
  volume={15},
  number={2},
  pages={253--289},
  year={1993},
  publisher={ACM}
}

@book{haskell,
  title={Learn You a Haskell for Great Good!: A Beginner's Guide},
  author={Lipovaca, M.},
  year={2011},
  publisher={No Starch Press}
}

@article{sbml,
  title={The Systems Biology Markup Language (SBML): Language Specification for Level 3 Version},
  author={Hucka, M. and Bergmann, F.T. and Keating, S.M. and Schaff, J.C. and Smith, L.P.},
  year={2010}
}

@article{robin,
  title={A machine-oriented logic based on the resolution principle},
  author={Robinson, J.A.},
  journal={Journal of the ACM (JACM)},
  volume={12},
  number={1},
  pages={23--41},
  year={1965},
  publisher={ACM}
}

@inproceedings{feedback,
  title={Always-available static and dynamic feedback},
  author={Bayne, M. and Cook, R. and Ernst, M.D.},
  booktitle={Software Engineering (ICSE), 2011 33rd International Conference on},
  pages={521--530},
  year={2011},
  organization={IEEE}
}

@inproceedings{plug,
  title={Pluggable type systems},
  author={Bracha, G.},
  booktitle={OOPSLA workshop on revival of dynamic languages},
  year={2004},
  organization={Citeseer}
}

